<?xml version="1.0" encoding="UTF-8"?><collection xmlns="http://www.loc.gov/MARC21/slim"><record><leader>00526nam--2200181-i-4500</leader><controlfield tag="001">000009669</controlfield><controlfield tag="002">20161230</controlfield><controlfield tag="005">20170128201949</controlfield><controlfield tag="008">060222s1000------------r-----000-0-eng-d</controlfield><datafield ind1=" " ind2=" " tag="080"><subfield code="a">025</subfield></datafield><datafield ind1=" " ind2=" " tag="100"><subfield code="a">Becker, Joseph</subfield></datafield><datafield ind1=" " ind2=" " tag="245"><subfield code="a">Handbook of data processing for libraries. Sponsored by the council on library resources</subfield></datafield><datafield ind1=" " ind2=" " tag="260"><subfield code="a">New York</subfield><subfield code="b">Becker And Hayes, Inc</subfield><subfield code="c">1970</subfield></datafield><datafield ind1=" " ind2=" " tag="300"><subfield code="a">XV + 885 P</subfield></datafield><datafield ind1=" " ind2=" " tag="490"><subfield code="a">A Wiley-becker-hayes Publication</subfield></datafield><datafield ind1=" " ind2=" " tag="700"><subfield code="a">Hays, Robert M</subfield></datafield><datafield ind1=" " ind2=" " tag="852"><subfield code="a">34794</subfield></datafield><datafield ind1=" " ind2=" " tag="CAT"><subfield code="a">SYS</subfield><subfield code="c">20170128</subfield><subfield code="h">201949</subfield></datafield></record></collection>